@book{adams1995hitchhiker,
  title={Swarm Intelligence: From Natural to Artificial Systems},
  author={E. Bonabeau, M. Dorigo, G. Theraulaz},
  isbn={9781417642595},
  url={http://books.google.com/books?id=W-xMPgAACAAJ},
  year={1999},
  publisher={New York, NY: Oxford University Press}
}
